@Manual{maptools,
  title = {maptools: Tools for reading and handling spatial objects},
  author = {Roger Bivand and Nicholas Lewin-Koh},
  year = {2014},
  note = {R package version 0.8-30},
  url = {http://CRAN.R-project.org/package=maptools}
}, 

@Manual{esri,
  title={ESRI shapefile technical description},
  author={Environmental Systems Research Institute, Inc.},
  year={1998},
  url = {http://www.esri.com/library/whitepapers/pdfs/shapefile.pdf}
},

@inproceedings{tom68,
  title={A geographic information system for regional planning},
  author={Tomlinson, Roger F},
  booktitle={GA Stewart,(ed.: Symposium on Land Evaluation, Commonwealth Scientific and Industrial Research Organization, MacMillan of Australia., Melbourne}
  year={1968}
},

@Book{ggplot2,
  author = {Hadley Wickham},
  title = {ggplot2: elegant graphics for data analysis},
  publisher = {Springer New York},
  year = {2009},
  isbn = {978-0-387-98140-6},
  url = {http://had.co.nz/ggplot2/book}
},

@Article{rworldmap,
  author = {Andy South},
  title = {rworldmap: A New R package for Mapping Global Data},
  journal = {The R Journal},
  year = {2011},
  volume = {3},
  number = {1},
  pages = {35-43},
  month = {June},
  issn = {2073-4859},
  url = {http://journal.r-project.org/archive/2011-1/RJournal_2011-1_South.pdf}
},

@Manual{dismo,
  title = {dismo: Species distribution modeling},
  author = {Robert J. Hijmans and Steven Phillips and John Leathwick and Jane Elith},
  year = {2014},
  note = {R package version 1.0-5},
  url = {http://CRAN.R-project.org/package=dismo}
},

@Manual{ggmap,
  title = {ggmap: A package for spatial visualization with Google Maps and
OpenStreetMap},
  author = {David Kahle and Hadley Wickham},
  year = {2013},
  note = {R package version 2.3},
  url = {http://CRAN.R-project.org/package=ggmap}
}